<record><leader>00000cas a22000007a 4500</leader><controlfield tag="001">20783058</controlfield><controlfield tag="008">891214d18801908ohuwr ne      0    0eng d</controlfield><datafield ind1=" " ind2=" " tag="010"><subfield code="a">sn 89076208 </subfield></datafield><datafield ind1=" " ind2=" " tag="040"><subfield code="a">ONP</subfield><subfield code="b">eng</subfield><subfield code="c">ONP</subfield><subfield code="d">OCLCQ</subfield></datafield><datafield ind1=" " ind2=" " tag="042"><subfield code="a">msc</subfield></datafield><datafield ind1="0" ind2="4" tag="245"><subfield code="a">The Ironton weekly Republican.</subfield></datafield><datafield ind1=" " ind2=" " tag="260"><subfield code="a">Ironton, Ohio :</subfield><subfield code="b">Thomas G. Brown</subfield></datafield><datafield ind1=" " ind2=" " tag="300"><subfield code="a">v.</subfield></datafield><datafield ind1=" " ind2=" " tag="310"><subfield code="a">Weekly</subfield></datafield><datafield ind1="1" ind2=" " tag="362"><subfield code="a">Began in 1880; ceased in Feb. 1908?</subfield></datafield><datafield ind1=" " ind2=" " tag="588"><subfield code="a">Description based on: Vol. 11, no. 34 (Jan. 17, 1891).</subfield></datafield><datafield ind1=" " ind2="4" tag="651"><subfield code="a">Ironton (Ohio)</subfield><subfield code="v">Newspapers.</subfield></datafield><datafield ind1=" " ind2="4" tag="651"><subfield code="a">Lawrence County (Ohio)</subfield><subfield code="v">Newspapers.</subfield></datafield><datafield ind1=" " ind2=" " tag="752"><subfield code="a">United States</subfield><subfield code="b">Ohio</subfield><subfield code="c">Lawrence</subfield><subfield code="d">Ironton.</subfield></datafield><datafield ind1="0" ind2=" " tag="775"><subfield code="t">Ironton daily Republican</subfield><subfield code="w">(DLC)sn 89076209</subfield></datafield><datafield ind1="0" ind2="7" tag="785"><subfield code="t">Ironton register (Ironton, Ohio : 1850)</subfield><subfield code="w">(DLC)sn 84028882</subfield></datafield><datafield ind1="0" ind2="7" tag="785"><subfield code="t">Ironton register and the Ironton weekly Republican</subfield><subfield code="w">(DLC)sn 87075120</subfield></datafield><datafield ind1="1" ind2=" " tag="029"><subfield code="a">AU@</subfield><subfield code="b">000020576860</subfield></datafield></record>